3526 5562
217 249 252 291 1v
884 229 1037 291 Praefatio.

217 403 358 502 ubique
392 405 513 478 altera
541 430 609 502 pro
645 405 762 477 altera
795 403 967 477 substitui
1002 403 1208 501 potuerint,
1242 430 1289 476 an
1325 402 1433 476 certis
1466 402 1608 478 finibus
1647 432 1720 477 no-

216 527 361 600 minum
406 527 446 600 in
488 555 606 599 ...ια
646 554 714 626 pro
741 554 873 598 ...εια
918 526 1133 601 exeuntium
1174 553 1263 600 usus
1304 526 1608 625 circumscriptus
1657 530 1719 622 sit,

222 650 390 748 singulas
424 677 533 724 voces
560 651 632 723 hoc
658 663 826 724 nostrum
854 677 947 748 opus
975 651 1172 723 collocatas
1199 649 1408 748 praebebit,
1442 651 1543 726 locos
1570 652 1721 750 quibus

217 774 426 848 habeantur
451 773 540 848 illae
572 774 729 848 Bruderi
761 773 1044 848 concordantiae
1076 773 1335 870 nominabunt,
1362 773 1567 848 scribarum
1595 803 1717 851 usum

221 897 400 972 editiones
428 897 659 996 singulorum
687 896 857 971 codicum
884 897 1201 971 demonstrabunt.

324 1021 492 1095 Alterius
525 1019 641 1119 partis
676 1046 771 1120 quae
811 1021 858 1095 sit
891 1020 966 1117 vis,
1000 1020 1111 1094 facile
1142 1020 1382 1120 intellegitur.
1436 1023 1583 1096 Etenim
1623 1023 1716 1100 cum

220 1144 453 1243 singularum
480 1170 614 1218 vocum
643 1169 770 1218 sensus
796 1157 894 1218 recte
923 1144 1101 1243 explican'
1127 1160 1307 1243 nequeat,
1339 1145 1411 1219 nisi
1439 1147 1570 1222 affines
1597 1176 1717 1225 voces

157 1325 160 1332 .
219 1268 473 1364 conferantur,
500 1269 572 1342 hac
598 1282 703 1367 parte
731 1294 858 1342 omnes
885 1268 986 1342 Novi
1014 1268 1241 1342 Testamenti
1268 1269 1453 1343 derivatas
1481 1297 1589 1346 voces
1622 1300 1713 1349 cum

219 1392 356 1466 nativis
396 1393 433 1465 in
476 1419 593 1466 unum
628 1393 826 1466 collocatas
860 1392 1092 1506 praebemus.
1148 1392 1233 1482 Qua
1265 1392 1306 1466 in
1342 1406 1446 1491 parte
1481 1395 1633 1494 signum
1673 1441 1713 1473 ω

220 1515 371 1614 (similia
397 1515 437 1589 in
465 1514 734 1590 mathematicis
763 1515 955 1613 denotans)
991 1515 1030 1589 id
1065 1516 1165 1616 quod
1199 1517 1261 1590 vel
1293 1515 1333 1589 in
1368 1517 1489 1618 capite
1524 1521 1586 1594 vel
1621 1537 1713 1600 ante

219 1640 385 1739 signum:
414 1639 577 1738 positum
606 1652 671 1735 est,
698 1641 910 1713 addendum
939 1667 1014 1714 esse
1040 1640 1191 1714 indicat

327 1764 455 1838 Restat
480 1775 524 1836 ut
550 1776 597 1852 te,
625 1764 806 1839 benevole
832 1765 959 1860 lector,
986 1790 1170 1864 rogemus,
1197 1776 1239 1837 ut
1265 1765 1337 1838 hoc
1365 1792 1473 1864 opere
1502 1795 1713 1866 paucorum

221 1887 372 1985 quidem
400 1887 595 1982 foliorum,
628 1888 799 1961 laborum
835 1913 910 1960 non
938 1912 1158 1985 paucorum,
1200 1888 1300 1986 quod
1327 1888 1400 1987 ipsi
1427 1916 1502 1964 non
1529 1876 1614 1968 raro
1645 1901 1714 1972 ad-

220 2010 422 2105 hibuimuS,
449 2010 610 2084 libenter
637 2010 753 2084 utaris
785 2011 833 2083 ad
858 2010 1031 2085 subtilius
1058 2009 1299 2109 explicandos
1326 2037 1388 2086 eos
1413 2014 1540 2111 libroS,
1569 2019 1714 2118 quibus

221 2134 392 2207 meliores
421 2160 615 2233 nunquam
642 2134 794 2208 fuerunt
820 2161 941 2233 neque
969 2147 1077 2208 erunt
1103 2160 1280 2234 unquam.
