3526 5562
649 1223 953 1334 Praefatio.

751 1445 857 1454 ψ..-

868 1489 878 1524 b

168 1589 313 1661 Harum
342 1588 685 1660 concordantiarum
714 1585 854 1682 duplex
883 1595 936 1656 est
964 1609 1091 1678 genus,
1120 1609 1253 1674 unum,
1287 1579 1397 1652 huius
1426 1576 1546 1675 operis

57 1713 182 1811 priore
211 1725 316 1810 parte
343 1713 576 1804 absolutum,
614 1711 714 1807 quod
742 1733 868 1780 omnes
896 1731 1005 1779 voces
1034 1705 1133 1778 Novi
1162 1701 1389 1777 Testamenti
1416 1727 1546 1774 secun-

59 1838 151 1908 dum
193 1835 469 1908 terminationes
510 1832 687 1907 classibus
727 1828 977 1928 grammaticis
1022 1827 1238 1901 distributas
1275 1824 1544 1923 complectitur,

59 1961 239 2052 alterum,
266 1958 306 2030 in
334 1959 450 2032 altera
477 1969 582 2055 parte
610 1955 791 2054 positum,
820 1954 919 2051 quod
948 1977 1057 2025 voces
1085 1953 1229 2024 nativas
1258 1951 1349 2021 cum¹
1372 1947 1546 2021 derivatis

61 2084 230 2156 collocat.

169 2183 298 2278 Priore
319 2218 429 2303 parte
456 2203 497 2276 in
525 2203 699 2276 subtilius
727 2199 964 2300 disquirendo
994 2213 1029 2272 et
1064 2200 1163 2298 quod
1198 2197 1245 2276 ad
1280 2194 1544 2296 grammaticen

60 2344 99 2404 et
127 2331 227 2428 quod
259 2329 307 2401 ad
337 2341 462 2402 textus
487 2327 635 2426 legendi
653 2325 812 2399 formam
831 2325 961 2398 attinet
988 2324 1112 2397 uteris.
1168 2321 1278 2416 Nam,
1305 2334 1348 2392 ut
1375 2319 1546 2417 exempla

60 2480 181 2552 pauca
208 2454 370 2546 afferam,
397 2452 463 2527 ubi
489 2464 608 2525 totum
636 2449 840 2525 formarum
864 2442 1019 2542 πρώρας,
1036 2443 1197 2544 μαχαίρῃ
1225 2445 1476 2542 similiumque
1504 2443 1544 2515 in

60 2573 185 2650 Novo
202 2577 436 2650 Testamento
464 2602 573 2648 usum
602 2600 821 2673 cognoscere
849 2573 924 2666 vic,
961 2598 1137 2670 magnum
1174 2571 1242 2644 crit
1276 2595 1319 2642 ac
1352 2595 1439 2644 sane
1467 2594 1545 2639 mo-

60 2701 214 2795 lestum,
252 2703 378 2774 omn'es
405 2725 514 2773 voces
543 2724 637 2797 quae
665 2697 807 2797 primae
835 2696 1091 2770 declinationis
1119 2708 1204 2768 sunt
1231 2694 1270 2767 in
1300 2718 1433 2785 ...oa
1462 2717 1545 2764 exc-

61 2837 172 2897 untes
201 2850 246 2896 ex
274 2824 356 2896 aliis
385 2824 513 2897 lexicis
542 2823 754 2915 enucleare,
781 2821 890 2894 facile
917 2821 956 2892 in
984 2821 1054 2892 hac
1081 2831 1290 2890 nostrarum
1320 2817 1545 2890 concordan-

63 2946 200 3017 tiarum
236 2959 340 3042 parte
374 2946 414 3017 in
449 2971 565 3018 unum
589 2945 791 3044 xcollocatas
818 2943 1046 3042 perlustrari.
1103 2941 1236 3040 Neque
1270 2951 1390 3012 cetera
1423 2939 1545 3010 lexica

63 3067 261 3166 quisquam
289 3067 498 3163 adhibebit,
527 3094 611 3141 cum
640 3079 854 3166 quaeratur,
889 3093 983 3165 quae
1011 3067 1050 3138 in
1078 3065 1186 3139 Novo
1216 3065 1452 3136 Testamento
1481 3062 1545 3134 ab·

63 3203 197 3265 stracta
224 3191 377 3264 nomina
403 3192 444 3264 in
471 3218 603 3264 ...αα
630 3191 802 3264 exeuntia
829 3177 1054 3283 habeantur,
1091 3215 1186 3288 quae
1213 3187 1366 3260 nomina
1393 3184 1544 3284 propria

62 3316 103 3386 in
130 3315 449 3394 ...occ-exeuntia
480 3316 645 3414 genitivo
681 3315 804 3388 dorico
841 3327 1011 3408 utantur,
1047 3339 1141 3412 quac
1176 3312 1250 3386 sint
1283 3312 1423 3384 formae
1460 3308 1545 3381 sub-

64 3437 307 3511 stantivorum
335 3451 624 3532 contractorum,
659 3439 830 3536 quotiens
864 3438 1094 3511 accusativus
1129 3435 1258 3509 tertiae
1286 3431 1545 3508 declinationis

63 3563 104 3635 in
130 3589 231 3633 ...α
258 3563 383 3636 addito
411 3587 435 3635 tt
463 3563 535 3661 (ex.
563 3590 617 3661 gr.
644 3561 779 3656 μιῆναι,
806 3557 986 3658 ducatrix)
1014 3561 1237 3655 inveniatur,
1266 3557 1435 3657 quotiens
1463 3581 1545 3629 ver-

63 3689 195 3761 borum
223 3686 264 3758 in
291 3683 457 3774 ...ι’ζιιν
492 3687 708 3760 exeuntium
742 3686 910 3759 futurum
937 3685 1104 3779 atticum,
1141 3696 1177 3757 et
1211 3682 1383 3782 quotiens
1419 3679 1545 3753 aoristi

66 3810 204 3882 formae
232 3809 399 3905 σημᾶναι,
427 3805 626 3905 ποιμάνατε
652 3809 862 3908 similiaque
891 3810 1116 3901 habeantur,
1151 3833 1223 3906 quo
1252 3808 1362 3879 modo
1393 3803 1546 3877 nomina

66 3932 214 4028 propria
241 3932 438 4006 flectantur
465 3948 531 4007 etc.
587 3933 693 4022 Quae
716 3932 782 4006 ubi
799 3933 988 4031 proposita
1007 3944 1126 4024 erunt,
1153 3931 1193 4002 in
1211 3931 1282 4002 hac
1299 3928 1421 4027 priore
1440 3939 1545 4025 parte

66 4080 173 4127 voces
201 4079 261 4126 eas
290 4080 381 4152 quas
410 4057 555 4154 quaeris
592 4057 789 4129 collocatas
822 4056 996 4153 inspicies
1030 4067 1066 4128 et
1098 4054 1348 4152 inspectarum
1377 4051 1543 4149 singulos

63 4179 174 4272 locos,
202 4177 268 4251 ubi
295 4176 336 4248 in
363 4177 471 4252 Novo
492 4180 727 4254 Testamento
746 4179 998 4273 inveniantur,
1027 4204 1073 4252 ex
1092 4175 1366 4251 concordantiis
1385 4173 1543 4273 magnis,

65 4329 153 4400 quas
181 4303 228 4375 ab
257 4299 412 4374 Erasmo
433 4299 621 4375 Schmidio
650 4303 870 4400 compositas
896 4301 936 4375 C.
956 4302 1005 4375 H.
1024 4303 1167 4375 Bruder
1195 4297 1406 4374 emendavit
1434 4298 1544 4396 (Bru-

66 4427 137 4519 der,
156 4424 198 4498 Ο.
216 4424 265 4497 H.
298 4427 468 4518 Ταμιεῖον
485 4424 564 4496 τῶν
577 4426 640 4516 τῆς
652 4425 776 4518 καινῆς
794 4420 972 4518 διαθήκης
989 4421 1126 4518 λέξεων,
1154 4426 1232 4498 sive
1251 4421 1543 4496 Concordantiae

66 4547 226 4620 omnium
245 4574 381 4622 vocum
401 4547 438 4621 Ν
441 4549 502 4623 ovi
518 4548 745 4622 Testamenti
763 4548 897 4646 graeci,
925 4549 981 4622 ed,
999 4546 1069 4642 III,
1087 4575 1173 4622 nov.
1191 4547 1357 4644 impress.
1384 4544 1544 4642 Lipsiae,

68 4671 175 4742 Bredt
203 4670 330 4768 1880),
358 4697 566 4770 cognosces.
621 4670 724 4745 Idem
752 4670 829 4745 fere
857 4672 925 4744 erit
952 4697 1051 4766 usus,
1079 4697 1164 4744 cum
1192 4671 1388 4743 detextus
1415 4667 1543 4740 traditi

68 4793 191 4866 formis
228 4783 443 4891 quaeratur,
485 4795 563 4869 sive
599 4795 716 4893 ipsius
748 4793 934 4892 scriptoris
962 4807 1106 4867 textum
1133 4793 1424 4891 autographum,
1465 4790 1543 4864 sive

68 4917 186 4991 varios
209 4917 412 4991 scribarum
429 4919 470 4991 in
484 4920 661 4992 mutando
676 4918 832 5016 pristino
848 4930 954 4991 textu
968 4917 1096 4992 modos
1111 4916 1284 5015 requires.
1339 4914 1543 5003 Quaerenti

69 5041 181 5135 enim,
216 5052 258 5112 ut
286 5042 498 5140 exemplum
534 5043 703 5136 afferam,
744 5059 869 5114 utnrm
905 5041 1183 5115 terminationes
1211 5065 1342 5110 ...rra
1369 5050 1405 5112 et
1432 5065 1546 5108 ...ια
